@online{mido,
   title =        {Mido - MIDI Objects for Python},
   url =          {https://mido.readthedocs.io/en/latest/},
   urldate =      {2022-11-27}
}

@online{midi-standard,
   title =        {Standard MIDI-File Format Spec. 1.1, updated},
   url =          {http://www.music.mcgill.ca/~ich/classes/mumt306/StandardMIDIfileformat.html},
   urldate =      {2022-11-27}
 }